@article{dawa,
  author = {Chao Li and Michael Hay and Gerome Miklau and Yue Wang},
  title = {A Data- and Workload-Aware Algorithm for Range Queries Under Differential Privacy},
  journal = {Proceedings of International Conference on Very Large Data Bases (PVLDB)},
  volume = {7},
  pages={341-352},
  year = {2014}
}

@article {cipher,
  author = {E. C.  Eugenio and F. Liu},
  title = {CIPHER: Construction of differentially Private microdata from low-dimensional Histograms via solving linear Equations with Tikhonov Regularization},
  journal = {arXiv preprint},
  volume = {1812.05671},
  year = {2018}
}

@article {PrivBayes,
  author = {Zhang, J. and Cormode, G. and Procopiuc, C. M. and Srivastava, D. and Xiao X.},
  title = {PrivBayes: Private Data Release via Bayesian Networks},
  journal = {ACM Transactions on Database Systems (TODS) - Invited Paper from SIGMOD 2016},
  volume = {24},
  issue = {4},
  year = {2017}
}

@article {DataSynthesizer,
  author = {Haoyue Ping and Julia Stoyanovich},
  title = {DataSynthesizer: Privacy-Preserving Synthetic Datasets},
  journal = {Proceedings of the 29th International Conference on Scientific and Statistical Database Management},
  volume = {Article No.},
  issue = {42},
  year = {2017}
}


@article {Linf,
  author = {T. Steinke and J. Ullman},
  title = {Between pure and approximate differential privacy},
  journal = {Journal of Privacy and Confidentiality},
  volume = {7},
  number = {2},
  year = {2017}
}


@misc{CIRCLE,
  author={CIRCLE},
  publisher = {The Center for Information \& Research on Civic Learning \& Engagement},
  title = {The Youth Vote in 2012},
  year = {2013},
  howpublished = {http://civicyouth.org/wp-content/uploads/2013/05/CIRCLE\_2013FS\_outhVoting2012FINAL.pdf}
}

@misc{DataSynthesizercodes,
  author={Haoyue Ping },
  title = {DataSynthesizer},
  year = {2018},
  howpublished = {https://github.com/DataResponsibly/DataSynthesizer (accessed online 3/14/2020)}
}


@article {DataSynthesizerpaper,
  author = {Haoyue Ping and Julia Stoyanovich and Bill Howe},
  title = {DataSynthesizer: Privacy-Preserving Synthetic Datasets},
  journal = {SSDBM '17: Proceedings of the 29th International Conference on Scientific and Statistical Database Management June 2017},
  number = {42},
  pages = {1-5},
  year = {2017},
}



@misc{Dataverse,
  author = {Holbein, John B. and Hillygus, D. Sunshine},
  publisher = {Harvard Dataverse},
  title = {Replication data for: Making Young Voters: The Impact of Preregistration on Youth Turnout},
  year = {2016},
  howpublished = {http://dx.doi.org/10.7910/DVN/27672}
}

@article {Holbein2016,
  author = {Holbein, John B. and Hillygus, D. Sunshine},
  title = {Making Young Voters: The Impact of Preregistration on Youth Turnout},
  journal = {American Journal of Political Science},
  volume = {60},
  number = {2},
  issn = {1540-5907},
  pages = {364--382},
  year = {2016},
}

@article{bennion2011cost,
  title={The cost of convenience: An experiment showing e-mail outreach decreases voter registration},
  author={Bennion, Elizabeth A and Nickerson, David W},
  journal={Political Research Quarterly},
  volume={64},
  number={4},
  pages={858--869},
  year={2011},
  publisher={Sage Publications Sage CA: Los Angeles, CA}
}

@article{nickerson2014voter,
  title={Do voter registration drives increase participation? For whom and when?},
  author={Nickerson, David W},
  journal={The Journal of Politics},
  volume={77},
  number={1},
  pages={88--101},
  year={2014},
  publisher={University of Chicago Press Chicago, IL}
}

@article{gerber2008social,
  title={Social pressure and voter turnout: Evidence from a large-scale field experiment},
  author={Gerber, Alan S and Green, Donald P and Larimer, Christopher W},
  journal={American Political Science Review},
  volume={102},
  number={01},
  pages={33--48},
  year={2008},
  publisher={Cambridge Univ Press}
}

@article{highton2017voter,
  title={Voter identification laws and turnout in the United States},
  author={Highton, Benjamin},
  journal={Annual Review of Political Science},
  volume={20},
  number={1},
  year={2017},
  publisher={Annual Reviews 4139 El Camino Way, PO Box 10139, Palo Alto, California 94303-0139, USA}
}

@article{hicks2015principle,
  title={A principle or a strategy? Voter identification laws and partisan competition in the American States},
  author={Hicks, William D and McKee, Seth C and Sellers, Mitchell D and Smith, Daniel A},
  journal={Political Research Quarterly},
  volume={68},
  number={1},
  pages={18--33},
  year={2015},
  publisher={SAGE Publications Sage CA: Los Angeles, CA}
}

@article{hajnal2017voter,
  title={Voter Identification Laws and the Suppression of Minority Votes},
  author={Hajnal, Zoltan and Lajevardi, Nazita and Nielson, Lindsay},
  journal={The Journal of Politics},
  volume={79},
  number={2},
  pages={000--000},
  year={2017},
  publisher={University of Chicago Press Chicago, IL}
}

@article{koch2015death,
  title={Death and Turnout: The Human Costs of War and Voter Participation in Democracies},
  author={Koch, Michael T and Nicholson, Stephen P},
  journal={American Journal of Political Science},
  year={2015},
  publisher={Wiley Online Library}
}

@article{dellavigna2017voting,
  title={Voting to tell others},
  author={DellaVigna, Stefano and List, John A and Malmendier, Ulrike and Rao, Gautam},
  journal={The Review of Economic Studies},
  volume={84},
  number={1},
  pages={143--181},
  year={2017},
  publisher={Oxford University Press}
}

@techreport{barber2014estimating,
  title={Estimating neighborhood effects on turnout from geocoded voter registration records},
  author={Barber, Michael and Imai, Kosuke},
  year={2014},
  institution={Citeseer}
}

@article{imai2016improving,
  title={Improving ecological inference by predicting individual ethnicity from voter registration records},
  author={Imai, Kosuke and Khanna, Kabir},
  journal={Political Analysis},
  volume={24},
  number={2},
  pages={263--272},
  year={2016},
  publisher={Oxford University Press}
}

@article{mccrary2008manipulation,
  title={Manipulation of the running variable in the regression discontinuity design: A density test},
  author={McCrary, Justin},
  journal={Journal of Econometrics},
  volume={142},
  number={2},
  pages={698--714},
  year={2008},
  publisher={Elsevier}
}

@misc{upshot,
	title={Who Will be President?},
    howpublished = {http://www.nytimes.com/interactive/2016/ upshot/presidential-polls-forecast.html},
    author={Josh Katz},
    year={2016},
    month={Oct},
    note = {Accessed: 03-28-2017}
}

@misc{538,
	title={Who will win the presidency?},
    howpublished = {https://projects.fivethirtyeight.com/2016-election-forecast/},
    author={Nate Silver},
    year={2016},
    month={Nov},
    note = {Accessed: 03-28-2017}
}

@article{sweeney1997weaving,
  title={Weaving technology and policy together to maintain confidentiality},
  author={Sweeney, Latanya},
  journal={The Journal of Law, Medicine \& Ethics},
  volume={25},
  number={2-3},
  pages={98--110},
  year={1997},
  publisher={Wiley Online Library}
}

@article{sweeney2013identifying,
  title={Identifying participants in the personal genome project by name},
  author={Sweeney, Latanya and Abu, Akua and Winn, Julia},
  journal={arXiv:1304.7605v1},
  year={2013}
}

@article{sweeney2013matching,
  title={Matching Known Patients to Health Records in Washington State Data},
  author={Sweeney, Latanya},
  journal={Available at SSRN 2289850},
  year={2013}
}

@article{netflix2,
    author= "Narayanan, A. and Shmatikov, V. ",
    year= "2008",
    title ="Robust de anonymization of large sparse datasets",
    journal = "IEEE Symposium on Security and Privacy",
    pages = "111-125"
}

@book{drechsler2011book,
  title={Synthetic datasets for Statistical Disclosure Control},
  author={Drechsler, J. },
  year={2011},
  publisher={Springer, New York}
}

@book{hundepool2012statistical,
  title={Statistical disclosure control},
  author={Hundepool, Anco and Domingo-Ferrer, Josep and Franconi, Luisa and Giessing, Sarah and Nordholt, Eric Schulte and Spicer, Keith and De Wolf, Peter-Paul},
  year={2012},
  publisher={John Wiley \& Sons}
}

@article{reiter2005estimating,
  title={Estimating risks of identification disclosure in microdata},
  author={Reiter, Jerome P},
  journal={Journal of the American Statistical Association},
  volume={100},
  number={472},
  pages={1103--1112},
  year={2005},
  publisher={Taylor \& Francis}
}

@incollection{dwork2006calibrating,
  title={Calibrating noise to sensitivity in private data analysis},
  author={Dwork, Cynthia and McSherry, Frank and Nissim, Kobbi and Smith, Adam},
  booktitle={Theory of cryptography},
  pages={265--284},
  year={2006},
  publisher={Springer}
}

@inproceedings{hardt2012simple,
  title={A simple and practical algorithm for differentially private data release},
  author={Hardt, Moritz and Ligett, Katrina and McSherry, Frank},
  booktitle={Advances in Neural Information Processing Systems},
  pages={2339--2347},
  year={2012}
}

@inproceedings{dwork2006our,
  title={Our data, ourselves: Privacy via distriuted noise generation},
  author={Dwork, Cynthia and Kenthapadi, Krishnaram and McSherry, Fang and Mironov, Ilya and Naor, Moni},
  booktitle={Annual International Conference on the Theory and Applications of Cryptographic Techniques},
  pages={486--503},
  year={2006},
  organization={Springer}
}

@article{Dwork2008,
    author="Dwork, C.",
    year= "2008",
    title= "Differential Privacy: A survey of results",
    journal ="Theory and Applications of Models of Computation",
    pages= "1-19",
    volume="4978",
    publisher="Springer Berlin Heidelberg"
}

@inproceedings{dwork2009differential,
  title={Differential privacy and robust statistics},
  author={Dwork, Cynthia and Lei, Jing},
  booktitle={Proceedings of the forty-first annual ACM symposium on Theory of computing},
  pages={371--380},
  year={2009},
  organization={ACM}
}

@article{dwork2010differential,
  title={Differential privacy for statistics: What we know and what we want to learn},
  author={Dwork, Cynthia and Smith, Adam},
  journal={Journal of Privacy and Confidentiality},
  volume={1},
  number={2},
  pages={2},
  year={2010}
}

@article{dwork2011firm,
  title={A firm foundation for private data analysis},
  author={Dwork, Cynthia},
  journal={Communications of the ACM},
  volume={54},
  number={1},
  pages={86--95},
  year={2011},
  publisher={ACM}
}

@article{dwork2013algorithmic,
  title={The algorithmic foundations of differential privacy},
  author={Dwork, Cynthia and Roth, Aaron},
  journal={Theoretical Computer Science},
  volume={9},
  number={3-4},
  pages={211--407},
  year={2013}
}

@article{dwork2016concentrated,
  title={Concentrated Differential Priacy},
  author={Dwork, Cynthia and Rothblum, Guy N},
  journal={arXiv preprint arXiv:1603.01887},
  year={2016}
}

@inproceedings{mcsherry2007mechanism,
  title={Mechanism design via differential privacy},
  author={McSherry, Frank and Talwar, Kunal},
  booktitle={Foundations of Computer Science, 2007. FOCS'07. 48th Annual IEEE Symposium on},
  pages={94--103},
  year={2007},
  organization={IEEE}
}

@inproceedings{mcsherry2009privacy,
  title={Privacy integrated queries: an extensible platform for privacy-preserving data analysis},
  author={McSherry, Frank},
  booktitle={Proceedings of the 2009 ACM SIGMOD International Conference on Management of data},
  pages={19--30},
  year={2009},
  organization={ACM}
}

@inproceedings{smith2011privacy,
  title={Privacy-preserving statistical estimation with optimal convergence rates},
  author={Smith, Adam},
  booktitle={Proceedings of the forty-third annual ACM symposium on Theory of computing},
  pages={813--822},
  year={2011},
  organization={ACM}
}

@inproceedings{nissim2007smooth,
  title={Smooth sensitivity and sampling in private data analysis},
  author={Nissim, Kobbi and Raskhodnikova, Sofya and Smith, Adam},
  booktitle={Proceedings of the thirty-ninth annual ACM symposium on Theory of computing},
  pages={75--84},
  year={2007},
  organization={ACM}
}

@article{sarathy2009differential,
  title={Differential privacy for numeric data},
  author={Sarathy, Rathindra and Muralidhar, Krish},
  journal={Joint UNECE/Eurostat work session on statistical data confidentiality, Bilbao, Spain},
  year={2009}
}

@article{wasserman2010statistical,
  title={A statistical framework for differential privacy},
  author={Wasserman, Larry and Zhou, Shuheng},
  journal={Journal of the American Statistical Association},
  volume={105},
  number={489},
  pages={375--389},
  year={2010},
  publisher={Taylor \& Francis}
}

@article{machanavajjhala2008privacy,
    author={Ashwin Machanavajjhala and Daniel Kifer and John Abowd and Johannes Gehrke and Lars Vilhuber},
    title={Privacy: Theory meets Practice on the Map},
    journal = {IEEE ICDE IEEE 24th International Conference},
    pages={277 - 286},
    year={2008}
}

@article{karwa2017sharing,
  title={Sharing social network data: differentially private estimation of exponential family random-graph models},
  author={Karwa, Vishesh and Krivitsky, Pavel N and Slavkovi{\'c}, Aleksandra B},
  journal={Journal of the Royal Statistical Society: Series C (Applied Statistics)},
  volume={66},
  number={3},
  pages={481--500},
  year={2017},
  publisher={Wiley Online Library}
}

@article{Charest2010,
   author="Charest, A. S. ",
    year="2010",
    title ="How can we analyze differentially private synthetic datasets",
     journal= "Journal of Privacy and Confidentiality",
    pages="Article 3",
    volume="2(2)"
}

@article{bowen2016differentially,
  title={Comparative Study of Differentially Private Data Synthesis Methods},
  author={Bowen, Claire McKay and Liu, Fang},
  journal={Statistical Science (accepted)},
  year={2020}
}

@article{liu2016noninformative,
  title={Statistical Properties of Sanitized Results from Differentially Private Laplace Mechanisms with Noninformative Bounding},
  author={Liu, Fang},
  journal={Transaction on Data Privacy},
  year={2019}
}

@article{liu2016generalized,
  title={Generalized Gaussian Mechanism for Differential Privacy},
  author={Liu, Fang},
  journal={IEEE Transactions on Knowledge and Data Engineering},
  Volume={31},
  number={4},
  pages={747 - 756}, 
  year={2019}
}


@article{liu2016model,
  title={Model-based Differentially Private Data Synthesis},
  author={Liu, Fang},
  journal={arXiv preprint arXiv:1606.08052},
  year={2016}
}

@article{gu1993comparison,
  title={Comparison of multivariate matching methods: Structures, distances, and algorithms},
  author={Gu, Xing Sam and Rosenbaum, Paul R},
  journal={Journal of Computational and Graphical Statistics},
  volume={2},
  number={4},
  pages={405--420},
  year={1993},
  publisher={Taylor \& Francis}
}

@article{bondarenko2016graphical,
  title={Graphical and numerical diagnostic tools to assess suitability of multiple imputations and imputation models},
  author={Bondarenko, Irina and Raghunathan, Trivellore},
  journal={Statistics in medicine},
  year={2016},
  publisher={Wiley Online Library}
}

@phdthesis{ho2011matchit,
  title={MatchIt: nonparametric preprocessing for parametric causal inference},
  author={Ho, Daniel E},
  year={2011},
  school={Departments of Mental Health and Biostatistics, Johns Hopkins Bloomberg School of Public Health}
}

@misc{ploner2010logistf,
  title={logistf: Firth's bias reduced logistic regression. R package version 1.10},
  author={Ploner, Meinhard and Dunkler, Daniela and Southworth, Harry and Heinze, Georg},
  year={2010}
}

@inproceedings{sakshaug2010synthetic,
  title={Synthetic data for small area estimation},
  author={Sakshaug, Joseph W and Raghunathan, Trivellore E},
  booktitle={International Conference on Privacy in Statistical Databases},
  pages={162--173},
  year={2010},
  organization={Springer}
}

@article{hay2010boosting,
  title={Boosting the accuracy of differentially private histograms through consistency},
  author={Hay, Michael and Rastogi, Vibhor and Miklau, Gerome and Suciu, Dan},
  journal={Proceedings of the VLDB Endowment},
  volume={3},
  number={1-2},
  pages={1021--1032},
  year={2010},
  publisher={VLDB Endowment}
}

@misc{abowd2015revisiting,
  title={Revisiting the Economics of Privacy: Population Statistics and Confidentiality Protection as Public Goods},
  author={Abowd, John M and Schmutte, Ian M},
  url={http://doi.org/10.5281/zenodo.345385},
  year={2015}
}

@misc{Time,
  title={Voter Turnout Surged Among People With Disabilities Last Year. Activists Want to Make Sure That Continues in 2020},
  author={ ABIGAIL ABRAMS },
  url={https://time.com/5622652/disability-voter-turnout-2020/},
  year={2019}
}

@misc{NYT,
  title={An Excitingly Simple Solution to Youth Turnout, for the Primaries and Beyond},
  author={Charlotte Hill and Jacob Grumbach},
  url={https://www.nytimes.com/2019/06/26/opinion/graphics-an-excitingly-simple-solution-to-youth-turnout-for-the-primaries-and-beyond.html},
  year={2019}
}

@misc{Fortune,
  title={Black Women Voters Will Be Central to the 2020 Presidential Election, Experts Predict},
  author={Melanie Eversley},
  url={https://fortune.com/2019/06/20/black-women-voters-2020-election/},
  year={2019}
}

@misc{Newwise,
  title={Voter Turnout Surging Among People with Disabilitie},
  author={Steve Flamisch},
  url={https://www.newswise.com/articles/voter-turnout-surging-among-people-with-disabilities},
  year={2019}
}



@article{rubin1993discussion,
  title={Discussion statistical disclosure limitation},
  author={Rubin, Donald B},
  journal={Journal of official Statistics},
  volume={9},
  number={2},
  pages={461},
  year={1993},
  publisher={Statistics Sweden (SCB)}
}

@inproceedings{li2010optimizing,
  title={Optimizing linear counting queries under differential privacy},
  author={Li, Chao and Hay, Michael and Rastogi, Vibhor and Miklau, Gerome and McGregor, Andrew},
  booktitle={Proceedings of the twenty-ninth ACM SIGMOD-SIGACT-SIGART symposium on Principles of database systems},
  pages={123--134},
  year={2010},
  organization={ACM}
}

@article{xiao2010differentially,
  title={Differentially Private Data Release through Multidimensional Partitioning.},
  author={Xiao, Yonghui and Xiong, Li and Yuan, Chun},
  journal={Secure Data Management},
  volume={6358},
  pages={150--168},
  year={2010},
  publisher={Springer}
}

@inproceedings{li2017partitioning,
  title={Partitioning-Based Mechanisms Under Personalized Differential Privacy},
  author={Li, Haoran and Xiong, Li and Ji, Zhanglong and Jiang, Xiaoqian},
  booktitle={Pacific-Asia Conference on Knowledge Discovery and Data Mining},
  pages={615--627},
  year={2017},
  organization={Springer}
}

@inproceedings{xiao2012dpcube,
  title={Dpcube: Releasing differentially private data cubes for health information},
  author={Xiao, Yonghui and Gardner, James and Xiong, Li},
  booktitle={2012 IEEE 28th International Conference on Data Engineering},
  pages={1305--1308},
  year={2012},
  organization={IEEE}
}

@article{mcclure2012differential,
  title={Differential Privacy and Statistical Disclosure Risk Measures: An Investigation with Binary Synthetic Data.},
  author={McClure, David and Reiter, Jerome P},
  journal={Trans. Data Privacy},
  volume={5},
  number={3},
  pages={535--552},
  year={2012}
}

@article{qardaji2013understanding,
  title={Understanding hierarchical methods for differentially private histograms},
  author={Qardaji, Wahbeh and Yang, Weining and Li, Ninghui},
  journal={Proceedings of the VLDB Endowment},
  volume={6},
  number={14},
  pages={1954--1965},
  year={2013},
  publisher={VLDB Endowment}
}

@article{qardaji2013geo,
  title={Differentially private grids for geospatial data},
  author={Qardaji, Wahbeh and Yang, Weining and Li, Ninghui},
  journal={Proceedings of 2013 IEEE 29th International Conference on Data Engineering (ICDE)},
  pages={757-768},
  year={2013}
}
@inproceedings{hay2016principled,
  title={Principled evaluation of differentially private algorithms using dpbench},
  author={Hay, Michael and Machanavajjhala, Ashwin and Miklau, Gerome and Chen, Yan and Zhang, Dan},
  booktitle={Proceedings of the 2016 International Conference on Management of Data},
  pages={139--154},
  year={2016},
  organization={ACM}
}

@article{meng1994posterior,
  title={Posterior predictive p-values},
  author={Meng, Xiao-Li},
  journal={The Annals of Statistics},
  pages={1142--1160},
  year={1994},
  publisher={JSTOR}
}

@article{privelet,
  title={Differential privacy via wavelet
transforms},
  author={X. Xiao and G. Wang, and J. Gehrke.},
  journal={IEEE Transactions on Knowledge and Data Engineering },
Volume = {23}, 
Issue={8},
  pages={1200-1214},
  year={2011}
}

@article{li1991significance,
  title={Significance levels from repeated p-values with multiply-imputed data},
  author={Li, Kim-Hung and Meng, Xiao-Li and Raghunathan, Trivellore E and Rubin, Donald B},
  journal={Statistica Sinica},
  pages={65--92},
  year={1991},
  publisher={JSTOR}
}

@article{van2014analysis,
  title={Analysis of variance of multiply imputed data},
  author={van Ginkel, Joost R and Kroonenberg, Pieter M},
  journal={Multivariate behavioral research},
  volume={49},
  number={1},
  pages={78--91},
  year={2014},
  publisher={Taylor \& Francis}
}

@inproceedings{DPcube,
  title={Differentially Private Data Cubes: Optimizing Noise Sources and Consistency},
  author={Bolin Ding and Marianne Winslett and Jiawei Han and Zhenhui Li},
  booktitle={Proceedings of the ACM SIGMOD International Conference on Management of Data (SIGMOD 2011) },
  pages={217-228},
  year={2011},
  publisher={ACM SIGMOD}
}

@inproceedings{DPcopula,
  title={Differentially Private Synthesization of Multi-Dimensional Data using Copula Functions},
  author={Haoran Li and Li Xiong and Xiaoqian Jiang},
  booktitle={Proc. 17th International Conference on Extending Database Technology (EDBT)},
  pages={475-486},
  year={2014}
}

@incollection{dwork2008survey,
  title={Differential Privacy: A Survey of Results},
  author={Dwork, Cynthia},
  booktitle={TAMC 2008, LNCS 4978},
  pages={1-19},
  year={2008},
  publisher={ Springer-Verlag Berlin Heidelberg }
}

@article{JRSSC,
  title={Sharing social network data: differentially private estimation of exponential family random-graph models},
  author={Vishesh Karwa and Pavel N. Krivitsky and Aleksandra B. Slavkovi\'{c}},
  journal={JRSS-Series C (Applied Statisitics)},
  volume={66},
  number={3},
  pages={481-500},
  year={2017}
}

@article{little1993statistical,
  title={Statistical analysis of masked data},
  author={Little, RJA},
  journal={Journal of the Official Statistics},
  volume={9},
  pages={407},
  year={1993},
  publisher={ALMQVIST \& WIKSELL INTERNATIONAL}
}

@article{liu2003,
  title={ SMIKe vs. Data Swapping and PRAM for statistical disclosure limitation in Microdata: A Simulation Study},
  author={Liu, F. and Little, RJA},
  journal={Proceedings of 2003 American Statistical Association Joint Statistical Meeting},
  year={2003}
}

@article{raghunathan2003multiple,
  title={Multiple imputation for statistical disclosure limitation},
  author={Raghunathan, Trivellore E and Reiter, Jerome P and Rubin, Donald B},
  journal={Journal of official Statistics},
  volume={19},
  number={1},
  pages={1--16},
  year={2003}
}

@article{reiter2003,
  title={ Inference for partially synthetic, public use microdata sets},
  author={Reiter, Jerome P},
  journal={Survey Methodology},
  volume={29},
  number={2},
  pages={181-188},
  year={2003}
}

@incollection{liu2004,
  title={Statistical Disclosure Techniques Based on Multiple Imputation},
  author={Little, RJA and  Liu, F. and Raghunathan, T. },
  editor = { Andrew Gelman and Xiao-Li Meng},
  booktitle={Applied Bayesian Modeling and Causal Inference from Incomplete-Data Perspectives: An essential journey with Donald Rubin's statistical family},
  pages={  Chapter II.13},
  year={2004},
  publisher={John Wiley \& Sons}
}

@article{reiter2009,
  title={Using Multiple Imputation to Integrate and Disseminate Confidential Microdata},
  author={Reiter, J. P},
  journal={International Statistical Review},
  volume={77},
  number={2},
  pages={179-195},
  year={2009}
}

@inproceedings{Duchi2013,
  title={Local privacy and statistical minimax rates},
  author={J. C. Duchi and M. I. Jordan and M. J. Wainwright},
  year={2013},
  journal={IEEE 54th Annual Symposium on Foundations of Computer Science, Berkeley, CA},
  pages={429-438}
  }
  
@article{gardner2013share,
  title={SHARE: system design and case studies for statistical health information release},
  author={Gardner, James and Xiong, Li and Xiao, Yonghui and Gao, Jingjing and Post, Andrew R and Jiang, Xiaoqian and Ohno-Machado, Lucila},
  journal={Journal of the American Medical Informatics Association},
  volume={20},
  number={1},
  pages={109--116},
  year={2013},
  publisher={The Oxford University Press}
}

@article{chen2011publishing,
  title={Publishing set-valued data via differential privacy},
  author={Chen, Rui and Mohammed, Noman and Fung, Benjamin CM and Desai, Bipin C and Xiong, Li},
  journal={Proceedings of the VLDB Endowment},
  volume={4},
  number={11},
  pages={1087--1098},
  year={2011}
}

@article{cummings2018individual,
  title={Individual sensitivity preprocessing for data privacy},
  author={Cummings, Rachel and Durfee, David},
  journal={arXiv preprint arXiv:1804.08645},
  year={2018}
}

@article{woo2009global,
  title={Global measures of data utility for microdata masked for disclosure limitation},
  author={Woo, Mi-Ja and Reiter, Jerome P and Oganian, Anna and Karr, Alan F},
  journal={Journal of Privacy and Confidentiality},
  volume={1},
  number={1},
  year={2009}
}

@article{karr2006framework,
  title={A framework for evaluating the utility of data altered to protect confidentiality},
  author={Karr, Alan F and Kohnen, Christine N and Oganian, Anna and Reiter, Jerome P and Sanil, Ashish P},
  journal={The American Statistician},
  volume={60},
  number={3},
  pages={224--232},
  year={2006},
  publisher={Taylor \& Francis}
}

@article{snoke2018general,
  title={General and specific utility measures for synthetic data},
  author={Snoke, Joshua and Raab, Gillian M and Nowok, Beata and Dibben, Chris and Slavkovic, Aleksandra},
  journal={Journal of the Royal Statistical Society: Series A (Statistics in Society)},
  volume={181},
  number={3},
  pages={663--688},
  year={2018},
  publisher={Wiley Online Library}
}

@article{bowen2018statistical,
  title={STatistical Election to Partition Sequentially (STEPS) and Its Application in Differentially Private Release and Analysis of Youth Voter Registration Data},
  author={Bowen, Claire McKay and Liu, Fang},
  journal={arXiv preprint arXiv:1803.06763},
  year={2018}
}

@article{bowen2019comparative,
  title={Comparative Study of Differentially Private Synthetic Data Algorithms and Evaluation Standards},
  author={Bowen, Claire McKay and Snoke, Joshua},
  journal={arXiv preprint arXiv:1911.12704},
  year={2019}
}

@article{malchow2004predicting,
  title={Predicting Turnout in a Presidential Election},
  author={Malchow, Hal},
  journal={CAMPAIGNS AND ELECTIONS},
  volume={25},
  number={8},
  pages={38--41},
  year={2004},
  publisher={CONGRESSIONAL QUARTERLY INC}
}

@book{campbell1980american,
  title={The american voter},
  author={Campbell, Angus and Converse, Philip E and Miller, Warren E and Stokes, Donald E},
  year={1980},
  publisher={University of Chicago Press}
}

@book{rosenstone1993mobilization,
  title={Mobilization, participation, and democracy in America},
  author={Rosenstone, Steven J and Hansen, John},
  year={1993},
  publisher={Macmillan Publishing Company,}
}

@book{wolfinger1980votes,
  title={Who votes?},
  author={Wolfinger, Raymond E and Rosenstone, Steven J and Rosenstone, Steven J},
  volume={22},
  year={1980},
  publisher={Yale University Press}
}

@article{mcdonald2010registering,
  title={Registering the youth through voter preregistration},
  author={McDonald, Michael P and Thornburg, Matthew},
  journal={NYUJ Legis. \& Pub. Pol'y},
  volume={13},
  pages={551},
  year={2010},
  publisher={HeinOnline}
}

@misc{gardn999,
    author       = {Gardner, John},
    title        = {{Differential Privacy Synthetic Data Challenge Algorithm}},
    year         = 2019,
    version      = {1.0},
    howpublished = {\url{https://github.com/gardn999/PrivacyEngCollabSpace/tree/master/tools/de-identification/Differential-Privacy-Synthetic-Data-Challenge-Algorithms/DPFieldGroups}}
}

@article{kifer2020guidelines,
  title={Guidelines for Implementing and Auditing Differentially Private Systems},
  author={Kifer, Daniel and Messing, Solomon and Roth, Aaron and Thakurta, Abhradeep and Zhang, Danfeng},
  journal={arXiv preprint arXiv:2002.04049},
  year={2020}
}

@article{zhang2017privbayes,
  title={Privbayes: Private data release via bayesian networks},
  author={Zhang, Jun and Cormode, Graham and Procopiuc, Cecilia and Srivastava, Divesh and Xiao, Xiaokui},
  journal={ACM Transactions on Database Systems (TODS)},
  volume={42},
  number={4},
  pages={1--41},
  year={2017},
  publisher={ACM New York, NY, USA}
}